% Encoding: UTF-8

@Book{burshnellsLaw,
  title     = {Bylo sobie Å»ycie},
  publisher = {CD Action},
  year      = {2005},
}

@Book{footballPopularity,
  title     = {Me and me},
  publisher = {Rockstar},
  year      = {1994},
  author    = {Jim Cramer},
}

@Standard{proPlayerPlayTime,
  title = {Electric Circuts},
}

@Comment{jabref-meta: databaseType:biblatex;}
